[gd_scene load_steps=3 format=2]

[ext_resource path="res://Assets/Fonts/NewFont.tres" type="DynamicFont" id=1]
[ext_resource path="res://Scripts/ReturnButton.gd" type="Script" id=2]

[node name="ColorRect" type="ColorRect"]
anchor_right = 1.0
anchor_bottom = 1.0
color = Color( 0.541176, 0.0862745, 0.0862745, 1 )

[node name="GridContainer" type="GridContainer" parent="."]
margin_right = 1024.0
margin_bottom = 300.0
size_flags_horizontal = 3
columns = 3

[node name="CenterContainer" type="CenterContainer" parent="GridContainer"]
margin_right = 1024.0
margin_bottom = 300.0
size_flags_horizontal = 3
size_flags_vertical = 3

[node name="Label" type="Label" parent="GridContainer/CenterContainer"]
margin_left = 374.0
margin_top = 119.0
margin_right = 649.0
margin_bottom = 180.0
size_flags_horizontal = 3
custom_fonts/font = ExtResource( 1 )
text = "Game Over"
align = 1

[node name="GridContainer2" type="GridContainer" parent="."]
margin_top = 300.0
margin_right = 1024.0
margin_bottom = 600.0
size_flags_horizontal = 3

[node name="CenterContainer" type="CenterContainer" parent="GridContainer2"]
margin_right = 1024.0
margin_bottom = 300.0
size_flags_horizontal = 3
size_flags_vertical = 3

[node name="VBoxContainer" type="VBoxContainer" parent="GridContainer2/CenterContainer"]
margin_left = 209.0
margin_top = 87.0
margin_right = 815.0
margin_bottom = 213.0

[node name="ReturnButton" type="LinkButton" parent="GridContainer2/CenterContainer/VBoxContainer"]
margin_right = 606.0
margin_bottom = 61.0
custom_fonts/font = ExtResource( 1 )
text = "RESTART"
script = ExtResource( 2 )
scene_to_load = "Level 1 New"

[node name="ReturnButton2" type="LinkButton" parent="GridContainer2/CenterContainer/VBoxContainer"]
margin_top = 65.0
margin_right = 606.0
margin_bottom = 126.0
custom_fonts/font = ExtResource( 1 )
text = "RETURN TO MAIN MENU"
script = ExtResource( 2 )
scene_to_load = "MainMenuNew"
[connection signal="pressed" from="GridContainer2/CenterContainer/VBoxContainer/ReturnButton" to="GridContainer2/CenterContainer/VBoxContainer/ReturnButton" method="_on_ReturnButton_pressed"]
[connection signal="pressed" from="GridContainer2/CenterContainer/VBoxContainer/ReturnButton2" to="GridContainer2/CenterContainer/VBoxContainer/ReturnButton2" method="_on_ReturnButton_pressed"]
